@article{Orji2023,
    author = {Ugochukwu Orji and Elochukwu Ukwandu},
    title = {Machine Learning for an Explainable Cost Prediction of Medical Insurance},
    journal = {Machine Learning with Applications},
    volume = {15},
    year = {2024}, 
    pages = {100516},
    doi = {10.1016/j.mlwa.2023.100516},
    note = {Published online Nov 2023, assigned to 2024 volume} 
}

@article{Susilo2024,
    author = {Yohanes Yohanie Fridelin Panduman Susilo and others},
    title = {Comparison and Analysis of the Effectiveness of Linear Regression, Decision Tree, and Random Forest Models for Health Insurance Premium Forecasting},
    journal = {IAES International Journal of Artificial Intelligence},
    volume = {13},
    number = {1},
    year = {2024},
    pages = {1048--1058},
    doi = {10.11591/ijai.v13.i1.pp1048-1058}
}

@article{Zhang2025,
    author = {Zhang, Liang and Chen, Wei and Wang, Jing and Li, Ming},
    title = {Predicting hospital outpatient volume using XGBoost: a machine learning approach},
    journal = {Scientific Reports},
    volume = {15},
    pages = {1265},
    year = {2025},
    publisher = {Nature Publishing Group},
    doi = {10.1038/s41598-025-01265-y}
}

@article{Morid2023,
    author = {Morid, Mohammad Amin and Kawamoto, Kensaku and Ault, Travis and Dorius, Josette and Abdelrahman, Samir},
    title = {The application of machine learning to predict high-cost patients: A performance-comparison of different models using healthcare claims data},
    journal = {PLOS One},
    volume = {18},
    number = {1},
    pages = {e0279540},
    year = {2023},
    doi = {10.1371/journal.pone.0279540}
}

@article{tenHeuvel2023,
    author = {ten Heuvel, Thomas},
    title = {Opening the Black Box of Machine Learning Models: SHAP vs LIME for Model Explanation},
    journal = {Medium - Cmotions},
    year = {2023},
    url = {https://medium.com/cmotions/opening-the-black-box-of-machine-learning-models-shap-vs-lime-for-model-explanation-d7bf545ce15f},
    note = {Accessed: 2025-01-31}
}

@article{Sagi2024,
    author = {Sagi, Ortal and Scherer, Laura D. and Rozin, Benjamin L. and Paquin, Rachel and Politi, Mary C.},
    title = {Impact of Cost Conversation on Decision-Making Outcomes},
    journal = {Journal of Patient Experience},
    volume = {11},
    pages = {23743735241234567},
    year = {2024},
    doi = {10.1177/23743735241234567}
}

@article{Ahmed2025,
    author = {Ahmed, Shamim and Kaiser, M. Shamim and Hossain, Mohammad Shahadat and Andersson, Karl},
    title = {A Comparative Analysis of LIME and SHAP Interpreters With Explainable ML-Based Diabetes Predictions},
    journal = {IEEE Access},
    volume = {13},
    pages = {37370--37388},
    year = {2025},
    doi = {10.1109/ACCESS.2024.3422319}
}

@techreport{McKinsey2023,
    author = {{McKinsey \& Company}},
    title = {The implications of US healthcare price transparency},
    institution = {McKinsey Healthcare Insights},
    year = {2023},
    type = {Industry Report},
    url = {https://www.mckinsey.com/industries/healthcare/our-insights/how-price-transparency-could-affect-us-healthcare-markets}
}

@book{Breiman2001,
    author = {Leo Breiman},
    title = {Random Forests},
    publisher = {Chapman Hall/CRC},
    year = {2001},
    doi = {10.1023/A:1010933404324}
}

@inproceedings{Chen2016,
    author = {Chen, Tianqi and Guestrin, Carlos},
    title = {XGBoost: A Scalable Tree Boosting System},
    booktitle = {Proceedings of the 22nd ACM SIGKDD International Conference on Knowledge Discovery and Data Mining},
    year = {2016},
    pages = {785--794},
    doi = {10.1145/2939672.2939785}
}

@manual{XGBoost2024,
    title = {XGBoost Documentation: Categorical Data},
    author = {{XGBoost Development Team}},
    year = {2024},
    url = {https://xgboost.readthedocs.io/en/stable/tutorials/categorical.html},
    note = {Version 1.7.0, Accessed: 2025-01-31}
}

@inproceedings{Lundberg2017,
    author = {Lundberg, Scott M. and Lee, Su-In},
    title = {A Unified Approach to Interpreting Model Predictions},
    booktitle = {Advances in Neural Information Processing Systems},
    volume = {30},
    year = {2017},
    pages = {4765--4774},
    publisher = {Curran Associates, Inc.}
}

@techreport{KFF2024,
    author = {{Kaiser Family Foundation}},
    title = {Americans' Challenges with Health Care Costs},
    institution = {KFF Health Polling},
    year = {2024},
    type = {Issue Brief},
    url = {https://www.kff.org/health-costs/issue-brief/americans-challenges-with-health-care-costs/},
    note = {Accessed: 2025-01-31}
}